
@article{wong_how_2016,
	title = {How to {Write} {Up} {Your} {Quality} {Improvement} {Initiatives} for {Publication}},
	volume = {8},
	issn = {1949-8349},
	url = {https://www.ncbi.nlm.nih.gov/pmc/articles/PMC4857497/},
	doi = {10.4300/JGME-D-16-00086.1},
	number = {2},
	urldate = {2021-01-12},
	journal = {Journal of Graduate Medical Education},
	author = {Wong, Brian M. and Sullivan, Gail M.},
	month = may,
	year = {2016},
	pmid = {27168874},
	pmcid = {PMC4857497},
	pages = {128--133}
}

@misc{noauthor_quality_2017,
	title = {Quality {Improvement} {Essentials} {Toolkit}},
	url = {http://www.ihi.org/resources/_layouts/download.aspx?SourceURL=%2fresources%2fKnowledge+Center+Assets%2fTools+-+QualityImprovementEssentialsToolkit_e14261f9-05ff-4a7b-ba25-58c85c4c9e9a%2fQIEssentialsToolkit.pdf},
	abstract = {Download these ten essential quality improvement tools to help you with your improvement projects, continuous improvement, and quality management, whether you use the Model for Improvement, Lean, or Six Sigma.},
	language = {en-US},
	urldate = {2021-01-13},
	publisher = {Institute for Healthcare Improvement},
	year = {2017},
	file = {Snapshot:C\:\\Users\\Mara and Boris\\Zotero\\storage\\VZ8AC2T8\\Quality Improvement Essentials Toolkit  IHI - Ins.html:text/html}
}
